@article{sundus2018impact,
	title={The Impact of Using Gadgets on Children},
	author={Sundus, M},
	journal={Journal of Depression and Anxiety},
	volume={7},
	number={1},
	pages={1--3},
	year={2018}
}

@article{sheng2012study,
	title={A Study of Experience Expectations of Museum Visitors},
	author={Sheng, Chieh-Wen and Chen, Ming-Chia},
	journal={Tourism Management},
	volume={33},
	number={1},
	pages={53--60},
	year={2012},
	publisher={Elsevier}
}

@inproceedings{mahfud2016interactive,
	title={Interactive Aerial Projection of 3D Hologram Object},
	author={Mahfud, Jiono and Matsumaru, Takafumi},
	booktitle={2016 IEEE International Conference on Robotics and Biomimetics (ROBIO)},
	pages={1930--1935},
	year={2016},
	organization={IEEE}
}

@inproceedings{ameur2016comprehensive,
	title={A Comprehensive Leap Motion Database for Hand Gesture Recognition},
	author={Ameur, Safa and Khalifa, Anouar Ben and Bouhlel, Mohamed Salim},
	booktitle={2016 7th International Conference on Sciences of Electronics, Technologies of Information and Telecommunications (SETIT)},
	pages={514--519},
	year={2016},
	organization={IEEE}
}

@inproceedings{huang2018factors,
	title={Factors Affecting Usability of Interactive 3D Holographic Projection System for Experiential Learning},
	author={Huang, Hsinfu and Chen, Chin-wei and Hsieh, Yuan-wei},
	booktitle={International Conference on Learning and Collaboration Technologies},
	pages={104--116},
	year={2018},
	organization={Springer}
}

@misc{wirawan_2018, 
	title={Rendahnya Minat Belajar Sejarah di Sekolah}, 
	url={http://www.adhicipta.com/rendahnya-minat-belajar-sejarah-di-sekolah/}, 
	journal={Adhicipta R. Wirawan}, 
	author={Wirawan, Adhicipta R.}, 
	year={2018}, 
	month={Nov}
}

@misc{kemendikbud_2019, 
	title={Kemendikbud Sebut Seperempat Museum di RI Tak Layak}, url={https://www.cnnindonesia.com/gaya-hidup/20190622142656-275-405527/kemendikbud-sebut-seperempat-museum-di-ri-tak-layak}, 
	journal={Kemendikbud Sebut Seperempat Museum di RI Tak Layak}, 
	year={2019}, 
	month={Jun}
}

@article{vishnu2017hologram,
	title={Hologram Based Three Dimensional Projection},
	author={Vishnu, T and Balamurugan, CR and Roy, C Tony},
	journal={International Journal of Engineering Technology Science and Research, ISSN},
	pages={2394--3386},
	year={2017}
}

@misc{leapmotion_ds, 
	title={Leap Motion Controller}, 
	url={https://www.ultraleap.com/product/leap-motion-controller/}, 
	journal={Leap Motion Controller Datasheet}
}

@article{akshay_2015,
	title={Holography Working Principle and Applications},
	author={Ratan, Akshay and Gatiyala, Ritu},
	year={2015},
	month={Apr}
}

@misc{hologrampyramid, 
	title={Hologram Pyramid Technicals}, 
	url={http://hologrampyramid.net/technicals/}, 
	journal={Leap Motion Controller Datasheet}
}

@misc{ironman, 
	title={Hologram Pyramid 3D}, 
	url={https://www.youtube.com/watch?v=CZhjEQuR_fo&t=110s}, 
	author={3DTVTech},
	year={2014},
	month={May}
}

@misc{tutorialpiramid,
	title={DIY 3D Hologram Pyramid},
	author={Open Green Energy};
	url={https://www.instructables.com/id/DIY-Pyramid-Hologram/},
	year={2016},
	month={Jan}
}

@misc{fotop1,
	author={Burrows, Mindy},
	url={https://www.theflorentine.net/wp-content/uploads/2018/05/david-hologram-carmi-carrara.jpg},
	year={2018},
	month={May}
}

@misc{videop1,
	author={Channel, Hologram Video},
	url={https://www.youtube.com/watch?v=wp7WiBWxDok},
	year={2015},
	month={Aug}
}

@misc{fotop3,
	author={Mind, Digital},
	url={https://digitalmind.rs/images/technology/holograms/hologram-pyramid.jpg},
	year={2019},
	month={May}
}

@misc{videop3,
	author={Collection, HOLHO},
	url={https://www.youtube.com/watch?v=_FSX2wSRq1c&t=58s},
	year={2015},
	month={Sep}
}

@misc{fotop4,
	author={Technologies, Afriten},
	url={https://i.ytimg.com/vi/nJVjn9BWR7c/maxresdefault.jpg},
	year={2018},
	month={Jan}
}

@misc{videop4,
	title={Butterfly Hologram Video HD},
	author={PressToPlay},
	url={https://www.youtube.com/watch?v=vTufphdowOw},
	year={2016},
	month={Apr}
}

@article{naidu2016hand,
	title={Hand gesture recognition using leap motion controller},
	author={Naidu, Chetna and Ghotkar, Archana},
	journal={International Journal of Science and Research (IJSR)},
	volume={5},
	pages={436--441},
	year={2016}
}

@misc{leapmotiondev,
	title={Coordinate Systems},
	author={Developer, Leap Motion},
	url={https://developer-archive.leapmotion.com/documentation/csharp/devguide/Leap_Coordinate_Mapping.html},
	year={2014},
	month={Jun}
}

@misc{leapmotionblog,
	title={How Does the Leap Motion Controller Work?},
	author={Alex Colgan},
	url={http://blog.leapmotion.com/hardware-to-software-how-does-the-leap-motion-controller-work/},
	year={2014},
	month={Aug}
}

@misc{uvmap,
	title={Flowers Pattern Spring Green},
	author={Siwy, Łukasz},
	url={https://pixabay.com/vectors/flowers-pattern-spring-green-4032775/},
	year={2019},
	month={Mar}
}

@misc{buddha_lowpoly,
	title={Lowpoly Buddhas},
	author={Norgeot, Loïc},
	url={https://sketchfab.com/3d-models/lowpoly-buddhas-231469bcc20047eaa147052eaae399c0},
	year={2019}
}

@misc{unity_spec,
	title={Specular Mode: Specular Parameter},
	author={Technologies, Unity},
	url={https://docs.unity3d.com/Manual/StandardShaderMaterialParameterSpecular.html},
	year={2020}
}

@article{luo2001software,
	title={Software testing techniques},
	author={Luo, Lu},
	journal={Institute for software research international Carnegie mellon university Pittsburgh, PA},
	volume={15232},
	number={1-19},
	pages={19},
	year={2001}
}

@article{sawant2012software,
	title={Software testing techniques and strategies},
	author={Sawant, Abhijit A and Bari, Pranit H and Chawan, PM},
	journal={International Journal of Engineering Research and Applications (IJERA)},
	volume={2},
	number={3},
	pages={980--986},
	year={2012}
}

@inproceedings{al2005use,
	title={The use and usefulness of the ISO/IEC 9126 quality standard},
	author={Al-Kilidar, Hiyam and Cox, Karl and Kitchenham, Barbara},
	booktitle={2005 International Symposium on Empirical Software Engineering, 2005.},
	pages={7--pp},
	year={2005},
	organization={IEEE}
}

@misc{typewriter,
	title={Typewriter},
	author={Sudreyskr},
	url={https://sketchfab.com/3d-models/typewriter-4a6fd57d5244438090603cd9c55bfeb3#download},
	year={2019}
}

@misc{ganesha,
	title={Little Ganesh Wood Statue},
	author={SDRN},
	url={https://sketchfab.com/3d-models/little-ganesh-wood-statue-7985d5191a98446c8ac00e9b7ff9790a#download},
	year={2018}
}

@misc{primeval,
	title={Primeval Axe},
	author={YouSaveTime},
	url={https://sketchfab.com/3d-models/primeval-axe-d0069293a8fe4d74b6a51da47545359c},
	year={2019}
}

@misc{handaxe,
	title={Acheulean Hand Axe (513a1)},
	author={CT Aerial Surveys},
	url={https://sketchfab.com/3d-models/acheulean-hand-axe-513a1-f97d51010a734c3b8b848c7c702b9174},
	year={2018}
}

@misc{brasslamp,
	title={Lamp Brass},
	author={Francesco Coldesina},
	url={https://sketchfab.com/3d-models/lamp-brass-df34c1d864444ccca49b4f1d42843b1e},
	year={2019}
}

@misc{ceramicpot,
	title={Japanese Ceramic Brasero},
	author={Giyo P},
	url={https://sketchfab.com/3d-models/japanese-ceramic-brasero-cba525be001d4874a3b366829d084657},
	year={2020}
}

@article{jung2004measuring,
	title={Measuring software product quality: A survey of ISO/IEC 9126},
	author={Jung, Ho-Won and Kim, Seung-Gweon and Chung, Chang-Shin},
	journal={IEEE software},
	volume={21},
	number={5},
	pages={88--92},
	year={2004},
	publisher={IEEE}
}

@misc{hologramshader,
	title={HologramShader},
	author={Andy Duboc},
	url={https://github.com/andydbc/HologramShader},
	year={2014}
}